%% This BibTeX bibliography file was created using BibDesk.
%% http://bibdesk.sourceforge.net/


%% Created for Antonio Copete at 2018-03-11 19:08:41 -0400 


%% Saved with string encoding Unicode (UTF-8) 



@article{rozenberg,
	Author = {B. Rozenberg and others},
	Date-Added = {2018-03-11 22:57:23 +0000},
	Date-Modified = {2018-03-11 23:03:49 +0000},
	Journal = {Journal of Forensic Research},
	Title = {New Approach for Detecting Unknown Malicious Executables},
	Bdsk-File-1 = {YnBsaXN0MDDUAQIDBAUGJCVYJHZlcnNpb25YJG9iamVjdHNZJGFyY2hpdmVyVCR0b3ASAAGGoKgHCBMUFRYaIVUkbnVsbNMJCgsMDxJXTlMua2V5c1pOUy5vYmplY3RzViRjbGFzc6INDoACgAOiEBGABIAFgAdccmVsYXRpdmVQYXRoWWFsaWFzRGF0YV8QRC4uL3BhcGVyL05ld0FwcHJvYWNoIGZvciBEZXRlY3RpbmcgVW5rbm93biBNYWxpY2lvdXMgRXhlY3V0YWJsZXMucGRm0hcLGBlXTlMuZGF0YU8RAmgAAAAAAmgAAgAADE1hY2ludG9zaCBIRAAAAAAAAAAAAAAAAAAAAAAAAABCRAAB/////x9OZXdBcHByb2FjaCBmb3IgRGUjRkZGRkZGRkYucGRmAAAAAAAAAAAAAAAAAAAAAAAAAAAAAAAAAAAAAAAAAAD/////AAAAAAAAAAAAAAAAAAEAAgAACiBjdQAAAAAAAAAAAAAAAAAFcGFwZXIAAAIAjC86VXNlcnM6Y29wZXRlOkRvY3VtZW50czpDbGFzc2VzOjE4U1AgQ1MgMTgxIE1hY2hpbmUgTGVhcm5pbmc6UDJfZHVhbHNwYWNlOnBhcGVyOk5ld0FwcHJvYWNoIGZvciBEZXRlY3RpbmcgVW5rbm93biBNYWxpY2lvdXMgRXhlY3V0YWJsZXMucGRmAA4AeAA7AE4AZQB3AEEAcABwAHIAbwBhAGMAaAAgAGYAbwByACAARABlAHQAZQBjAHQAaQBuAGcAIABVAG4AawBuAG8AdwBuACAATQBhAGwAaQBjAGkAbwB1AHMAIABFAHgAZQBjAHUAdABhAGIAbABlAHMALgBwAGQAZgAPABoADABNAGEAYwBpAG4AdABvAHMAaAAgAEgARAASAIpVc2Vycy9jb3BldGUvRG9jdW1lbnRzL0NsYXNzZXMvMThTUCBDUyAxODEgTWFjaGluZSBMZWFybmluZy9QMl9kdWFsc3BhY2UvcGFwZXIvTmV3QXBwcm9hY2ggZm9yIERldGVjdGluZyBVbmtub3duIE1hbGljaW91cyBFeGVjdXRhYmxlcy5wZGYAEwABLwAAFQACAA3//wAAgAbSGxwdHlokY2xhc3NuYW1lWCRjbGFzc2VzXU5TTXV0YWJsZURhdGGjHR8gVk5TRGF0YVhOU09iamVjdNIbHCIjXE5TRGljdGlvbmFyeaIiIF8QD05TS2V5ZWRBcmNoaXZlctEmJ1Ryb290gAEACAARABoAIwAtADIANwBAAEYATQBVAGAAZwBqAGwAbgBxAHMAdQB3AIQAjgDVANoA4gNOA1ADVQNgA2kDdwN7A4IDiwOQA50DoAOyA7UDugAAAAAAAAIBAAAAAAAAACgAAAAAAAAAAAAAAAAAAAO8}}

@article{canzanese,
	Author = {R. Canzanese and others},
	Date-Added = {2018-03-11 22:55:24 +0000},
	Date-Modified = {2018-03-11 23:03:41 +0000},
	Title = {System Call-based Detection of Malicious Processes},
	Bdsk-File-1 = {YnBsaXN0MDDUAQIDBAUGJCVYJHZlcnNpb25YJG9iamVjdHNZJGFyY2hpdmVyVCR0b3ASAAGGoKgHCBMUFRYaIVUkbnVsbNMJCgsMDxJXTlMua2V5c1pOUy5vYmplY3RzViRjbGFzc6INDoACgAOiEBGABIAFgAdccmVsYXRpdmVQYXRoWWFsaWFzRGF0YV8QPy4uL3BhcGVyL1N5c3RlbSBDYWxsLWJhc2VkIERldGVjdGlvbiBvZiBNYWxpY2lvdXMgUHJvY2Vzc2VzLnBkZtIXCxgZV05TLmRhdGFPEQJWAAAAAAJWAAIAAAxNYWNpbnRvc2ggSEQAAAAAAAAAAAAAAAAAAAAAAAAAQkQAAf////8fU3lzdGVtIENhbGwtYmFzZWQgI0ZGRkZGRkZGLnBkZgAAAAAAAAAAAAAAAAAAAAAAAAAAAAAAAAAAAAAAAAAA/////wAAAAAAAAAAAAAAAAABAAIAAAogY3UAAAAAAAAAAAAAAAAABXBhcGVyAAACAIcvOlVzZXJzOmNvcGV0ZTpEb2N1bWVudHM6Q2xhc3NlczoxOFNQIENTIDE4MSBNYWNoaW5lIExlYXJuaW5nOlAyX2R1YWxzcGFjZTpwYXBlcjpTeXN0ZW0gQ2FsbC1iYXNlZCBEZXRlY3Rpb24gb2YgTWFsaWNpb3VzIFByb2Nlc3Nlcy5wZGYAAA4AbgA2AFMAeQBzAHQAZQBtACAAQwBhAGwAbAAtAGIAYQBzAGUAZAAgAEQAZQB0AGUAYwB0AGkAbwBuACAAbwBmACAATQBhAGwAaQBjAGkAbwB1AHMAIABQAHIAbwBjAGUAcwBzAGUAcwAuAHAAZABmAA8AGgAMAE0AYQBjAGkAbgB0AG8AcwBoACAASABEABIAhVVzZXJzL2NvcGV0ZS9Eb2N1bWVudHMvQ2xhc3Nlcy8xOFNQIENTIDE4MSBNYWNoaW5lIExlYXJuaW5nL1AyX2R1YWxzcGFjZS9wYXBlci9TeXN0ZW0gQ2FsbC1iYXNlZCBEZXRlY3Rpb24gb2YgTWFsaWNpb3VzIFByb2Nlc3Nlcy5wZGYAABMAAS8AABUAAgAN//8AAIAG0hscHR5aJGNsYXNzbmFtZVgkY2xhc3Nlc11OU011dGFibGVEYXRhox0fIFZOU0RhdGFYTlNPYmplY3TSGxwiI1xOU0RpY3Rpb25hcnmiIiBfEA9OU0tleWVkQXJjaGl2ZXLRJidUcm9vdIABAAgAEQAaACMALQAyADcAQABGAE0AVQBgAGcAagBsAG4AcQBzAHUAdwCEAI4A0ADVAN0DNwM5Az4DSQNSA2ADZANrA3QDeQOGA4kDmwOeA6MAAAAAAAACAQAAAAAAAAAoAAAAAAAAAAAAAAAAAAADpQ==}}

@article{canali,
	Author = {D. Canali and others},
	Date-Added = {2018-03-11 22:52:09 +0000},
	Date-Modified = {2018-03-11 23:03:31 +0000},
	Title = {A Quantitative Study of Accuracy in System Call-Based Malware Detection},
	Bdsk-File-1 = {YnBsaXN0MDDUAQIDBAUGJCVYJHZlcnNpb25YJG9iamVjdHNZJGFyY2hpdmVyVCR0b3ASAAGGoKgHCBMUFRYaIVUkbnVsbNMJCgsMDxJXTlMua2V5c1pOUy5vYmplY3RzViRjbGFzc6INDoACgAOiEBGABIAFgAdccmVsYXRpdmVQYXRoWWFsaWFzRGF0YV8QVC4uL3BhcGVyL0EgUXVhbnRpdGF0aXZlIFN0dWR5IG9mIEFjY3VyYWN5IGluIFN5c3RlbSBDYWxsLUJhc2VkIE1hbHdhcmUgRGV0ZWN0aW9uLnBkZtIXCxgZV05TLmRhdGFPEQKoAAAAAAKoAAIAAAxNYWNpbnRvc2ggSEQAAAAAAAAAAAAAAAAAAAAAAAAAQkQAAf////8fQSBRdWFudGl0YXRpdmUgU3R1I0ZGRkZGRkZGLnBkZgAAAAAAAAAAAAAAAAAAAAAAAAAAAAAAAAAAAAAAAAAA/////wAAAAAAAAAAAAAAAAABAAIAAAogY3UAAAAAAAAAAAAAAAAABXBhcGVyAAACAJwvOlVzZXJzOmNvcGV0ZTpEb2N1bWVudHM6Q2xhc3NlczoxOFNQIENTIDE4MSBNYWNoaW5lIExlYXJuaW5nOlAyX2R1YWxzcGFjZTpwYXBlcjpBIFF1YW50aXRhdGl2ZSBTdHVkeSBvZiBBY2N1cmFjeSBpbiBTeXN0ZW0gQ2FsbC1CYXNlZCBNYWx3YXJlIERldGVjdGlvbi5wZGYADgCYAEsAQQAgAFEAdQBhAG4AdABpAHQAYQB0AGkAdgBlACAAUwB0AHUAZAB5ACAAbwBmACAAQQBjAGMAdQByAGEAYwB5ACAAaQBuACAAUwB5AHMAdABlAG0AIABDAGEAbABsAC0AQgBhAHMAZQBkACAATQBhAGwAdwBhAHIAZQAgAEQAZQB0AGUAYwB0AGkAbwBuAC4AcABkAGYADwAaAAwATQBhAGMAaQBuAHQAbwBzAGgAIABIAEQAEgCaVXNlcnMvY29wZXRlL0RvY3VtZW50cy9DbGFzc2VzLzE4U1AgQ1MgMTgxIE1hY2hpbmUgTGVhcm5pbmcvUDJfZHVhbHNwYWNlL3BhcGVyL0EgUXVhbnRpdGF0aXZlIFN0dWR5IG9mIEFjY3VyYWN5IGluIFN5c3RlbSBDYWxsLUJhc2VkIE1hbHdhcmUgRGV0ZWN0aW9uLnBkZgATAAEvAAAVAAIADf//AACABtIbHB0eWiRjbGFzc25hbWVYJGNsYXNzZXNdTlNNdXRhYmxlRGF0YaMdHyBWTlNEYXRhWE5TT2JqZWN00hscIiNcTlNEaWN0aW9uYXJ5oiIgXxAPTlNLZXllZEFyY2hpdmVy0SYnVHJvb3SAAQAIABEAGgAjAC0AMgA3AEAARgBNAFUAYABnAGoAbABuAHEAcwB1AHcAhACOAOUA6gDyA54DoAOlA7ADuQPHA8sD0gPbA+AD7QPwBAIEBQQKAAAAAAAAAgEAAAAAAAAAKAAAAAAAAAAAAAAAAAAABAw=}}
